@article{pettersen2008amplitude,
  title={Amplitude variability and extracellular low-pass filtering of neuronal spikes},
  author={Pettersen, Klas H and Einevoll, Gaute T},
  journal={Biophysical journal},
  volume={94},
  number={3},
  pages={784--802},
  year={2008},
  publisher={Elsevier}
}
